@manual{sample,
  organization = {TU Dortmund, Fakultät Physik},
  title = {Versuchstitel},
  year = 2019
}
@manual{Anleitung46,
  organization = {TU Dortmund, Fakultät Physik},
  title = {V46 - Faraday-Effekt an Halbleitern},
  year = 2019
}
@manual{Anleitung44,
  organization = {TU Dortmund, Fakultät Physik},
  title = {V44 - X-Ray Reflectometry},
  year = 2024
}
@manual{Anleitung21,
  organization = {TU Dortmund, Fakultät Physik},
  title = {21 - Optisches Pumpen},
  year = 2018
}
@manual{Anleitung01,
  organization = {TU Dortmund, Fakultät Physik},
  title = {V01 Lifetime of cosmic muons},
  year = 2024
}
@manual{Anleitung47,
  organization = {TU Dortmund, Fakultät Physik},
  title = {v47 - Temperature dependence of molar heat of copper},
  year = 2024
}
@book{Demtröder3,
  title = "Experimentalphysik 3 - Atome, Moleküle und Festkörper",
  author = "Demtröder, Wolfgang",
  edition = "5",
  year = "2016",
  publisher = "Springer",
}
@online{RubidiumSpin,
  author = "spektrum.de",
  title = "Rubidium",
  URL = "https://www.spektrum.de/lexikon/physik/rubidium/12616",
  website = "Lexikon der Physik",
  urldate = {09-05-2023},
}
@online{EinfuehrungVakuum,
  author = "pfeiffer-vacuum.com",
  title = "Einführung in die Vakuumtechnik",
  URL = "https://www.pfeiffer-vacuum.com/de/know-how/einfuehrung-in-die-vakuumtechnik/",
  website = "PFEIFER VACUUM",
  urldate = {2023-05-15},
}
@online{Drehschiebervakuumpumpen,
  author = "pfeiffer-vacuum.com",
  title = "Drehschiebervakuumpumpen",
  URL = "https://www.pfeiffer-vacuum.com/de/know-how/vakuumerzeugung/drehschiebervakuumpumpen/aufbau-funktionsprinzip/",
  website = "PFEIFER VACUUM",
  urldate = {2023-05-15},
}
@online{Turbomolekularpumpen,
  author = "pfeiffer-vacuum.com",
  title = "Turbomolekularpumpen",
  URL = "https://www.pfeiffer-vacuum.com/de/know-how/vakuumerzeugung/turbomolekularpumpen/aufbau-funktionsprinzip/",
  website = "PFEIFER VACUUM",
  urldate = {2023-05-15},
}
@online{Totaldruckmessung,
  author = "pfeiffer-vacuum.com",
  title = "Grundlagen der Totaldruckmessung",
  URL = "https://www.pfeiffer-vacuum.com/de/know-how/vakuummessgeraete/grundlagen-der-totaldruckmessung/indirekte-gasartabhaengige-druckmessung/",
  website = "PFEIFER VACUUM",
  urldate = {2023-05-15},
}
@online{LaminarTurbulent,
  author = "E-Cooling",
  title = "Strömungssimulation - physikalische Vorbetrachtungen",
  URL = "https://e-cooling.de/de/physikalische-vorbetrachtungen.htm",
  website = "Ingenieurbüro für CFD-Strömungsberechnungen",
  urldate = "2023-05-18",
}
@manual{Anleitung70,
  organization = {TU Dortmund, Fakultät Physik},
  title = {v70 - Vakuumversuch},
  year = 2018
}
@book{Vakuumtechnik,
  title = "Vakuumtechnik; Benennung und Definitionen; Allgemeine Benennungen",
  edition = "1990-05",
  year = "1990",
  publisher =  "DIN 28400-1",
}
@online{PKR360,
  author = "pfeiffer-vacuum.com",
  title = "PKR 360, Niedrigstrom",
  URL = "https://vacuum-shop.com/shop/de_DE/category/2073512/product/pt-t02140010/pkr-360-niedrigstrom.html",
  website = "PFEIFER VACUUM",
  urldate = {2023-29-06},
}
@online{TPG202,
  author = "pfeiffer-vacuum.com",
  title = "TPG 202, Piezo/Pirani Handmessgerät",
  URL = "https://www.pfeiffer-vacuum.com/de/produkte/messung-analyse/messgeraete/handmessgeraete-und-manometer/handmessgeraete-und-manometer/14067/tpg-202-piezo-pirani-handmessgeraet",
  website = "PFEIFER VACUUM",
  urldate = {2023-29-06},
}
@online{Druckmessung,
  author = "pfeiffer-vacuum.com",
  title = "Direkte, gasartunabhängige Druckmessung",
  URL = "https://www.pfeiffer-vacuum.com/de/know-how/vakuummessgeraete/grundlagen-der-totaldruckmessung/direkte-gasartunabhaengige-druckmessung/",
  website = "PFEIFER VACUUM",
  urldate = {2023-29-06},
}
@article{RoughSurfaceReflectometry,
  title = {X-ray reflection from rough layered systems},
  author = {Holy, V. and Kube, J. and Ohli, I. and Lischka, K. and Plotz, W.},
  journal = {Phys. Rev. B},
  volume = {47},
  issue = {23},
  pages = {15896--15903},
  numpages = {0},
  year = {1993},
  month = {Jun},
  publisher = {American Physical Society},
  doi = {10.1103/PhysRevB.47.15896},
  url = {https://link.aps.org/doi/10.1103/PhysRevB.47.15896}
}
@book{GrossMarx+2014,
  url = {https://doi.org/10.1524/9783110358704},
  title = {Festkörperphysik},
  author = {Rudolf Gross and Achim Marx},
  publisher = {De Gruyter Oldenbourg},
  address = {München},
  doi = {doi:10.1524/9783110358704},
  isbn = {9783110358704},
  year = {2014},
  lastchecked = {2024-12-02}
}
@online{RefractiveIndex,
  author = "Polyanskiy, Mikhail N.",
  title = "Refractiveindex.info database of optical constants",
  URL = "https://refractiveindex.info/?shelf=main&book=GaAs&page=Aspnes",
  doi = {https://doi.org/10.1038/s41597-023-02898-2},
  website = "Refractive Index Database",
  urldate = {2024-12-02},
  year = {2024}
}
@article{ParticleDataGroup:2024cfk,
    author = "Navas, S. and others",
    collaboration = "Particle Data Group",
    title = "{Review of particle physics}",
    doi = "10.1103/PhysRevD.110.030001",
    journal = "Phys. Rev. D",
    volume = "110",
    number = "3",
    pages = "030001",
    year = "2024"
}
@online{GISAXS,
  date = {2025-19-01},
  url = {https://gisaxs.com/index.php/Material:Silicon},
  title = {Critical angle},
  }